@article{WhatWentWrong,
author = {Petrillo, Fabio and Pimenta, Marcelo and M. Trindade, Francisco and Dietrich, Carlos},
year = {2009},
month = {02},
pages = {},
title = {What went wrong? A survey of problems in game development},
volume = {7},
journal = {Computers in Entertainment},
doi = {10.1145/1486508.1486521}
}

@article{TheMythicalManMonth,
author = {Frederick P. Brooks Jr.},
title = {The Mythical Man-Month},
year = {1995}
}