% Encoding: UTF-8

@InProceedings{Friberg:2004:AGN:1067343.1067361,
  author    = {Friberg, Johnny and G\"{a}rdenfors, Dan},
  title     = {Audio Games: New Perspectives on Game Audio},
  booktitle = {Proceedings of the 2004 ACM SIGCHI International Conference on Advances in Computer Entertainment Technology},
  year      = {2004},
  series    = {ACE '04},
  pages     = {148--154},
  address   = {New York, NY, USA},
  publisher = {ACM},
  acmid     = {1067361},
  doi       = {10.1145/1067343.1067361},
  file      = {:D\:/Ashley Sands/Uni/Comps/Comp 130/engin essay/Pappers/Audio Games New Perspectives on Game Audio.pdf:PDF},
  isbn      = {1-58113-882-2},
  keywords  = {audio game, auditory interface, e-inclusion, game audio, sound design, sound-scape, spatial soundtrack, visual impairment},
  location  = {Singapore},
  numpages  = {7},
  url       = {http://doi.acm.org/10.1145/1067343.1067361},
}

@InProceedings{Ekman:2005:DSP:1178477.1178492,
  author    = {Ekman, Inger and Ermi, Laura and Lahti, Jussi and Nummela, Jani and Lankoski, Petri and M\"{a}yr\"{a}, Frans},
  title     = {Designing Sound for a Pervasive Mobile Game},
  booktitle = {Proceedings of the 2005 ACM SIGCHI International Conference on Advances in Computer Entertainment Technology},
  year      = {2005},
  series    = {ACE '05},
  pages     = {110--116},
  address   = {New York, NY, USA},
  publisher = {ACM},
  acmid     = {1178492},
  doi       = {10.1145/1178477.1178492},
  file      = {:D\:/Ashley Sands/Uni/Comps/Comp 130/engin essay/Pappers/Designing Sound for a Pervasive Mobile Game.pdf:PDF},
  isbn      = {1-59593-110-4},
  keywords  = {computer games, mobile applications, sound design},
  location  = {Valencia, Spain},
  numpages  = {7},
  url       = {http://doi.acm.org/10.1145/1178477.1178492},
}

@InProceedings{Alves:2010:PLS:1859799.1859811,
  author    = {Alves, Valter and Roque, Licinio},
  title     = {A Pattern Language for Sound Design in Games},
  booktitle = {Proceedings of the 5th Audio Mostly Conference: A Conference on Interaction with Sound},
  year      = {2010},
  series    = {AM '10},
  pages     = {12:1--12:8},
  address   = {New York, NY, USA},
  publisher = {ACM},
  acmid     = {1859811},
  articleno = {12},
  doi       = {10.1145/1859799.1859811},
  file      = {:D\:/Ashley Sands/Uni/Comps/Comp 130/engin essay/Pappers/A Pattern Language for Sound Design in Games.pdf:PDF},
  isbn      = {978-1-4503-0046-9},
  keywords  = {design patterns, game design, pattern language, sound design},
  location  = {Pite\&\#229;, Sweden},
  numpages  = {8},
  url       = {http://doi.acm.org.ezproxy.falmouth.ac.uk/10.1145/1859799.1859811},
}

@Book{gouveia2013getting,
  title     = {Getting started with C++ audio programming for game development},
  publisher = {Packt Publishing Ltd},
  year      = {2013},
  author    = {Gouveia, David},
  file      = {:Pappers/9781849699099.Packt Publishing.Getting Started With C__ Audio Programming for Game Development.David Gouveia.2013.pdf:PDF},
}

@Book{marks2013complete,
  title     = {The complete guide to game audio: for composers, musicians, sound designers, and game developers},
  publisher = {Focal Press},
  year      = {2013},
  author    = {Marks, Aaron},
  file      = {:Pappers/Compleat Guide to Game Audio.pdf:PDF},
}

@InProceedings{Liljedahl:2007:BAM:1255047.1255088,
  author    = {Liljedahl, Mats and Papworth, Nigel and Lindberg, Stefan},
  title     = {Beowulf: An Audio Mostly Game},
  booktitle = {Proceedings of the International Conference on Advances in Computer Entertainment Technology},
  year      = {2007},
  series    = {ACE '07},
  pages     = {200--203},
  address   = {New York, NY, USA},
  publisher = {ACM},
  acmid     = {1255088},
  doi       = {10.1145/1255047.1255088},
  file      = {:Pappers/Beowulf - an audio mostly game.pdf:PDF},
  isbn      = {978-1-59593-640-0},
  keywords  = {audio-mostly, computer game, gameplay, imagination, immersion, interpretation, sound design, sound effects, soundscape},
  location  = {Salzburg, Austria},
  numpages  = {4},
  url       = {http://doi.acm.org.ezproxy.falmouth.ac.uk/10.1145/1255047.1255088},
}

@InProceedings{drewes2000sleuth,
  author    = {Drewes, Thomas M and Mynatt, E and Gandy, Maribeth and others},
  title     = {Sleuth: An audio experience},
  booktitle = {Proceedings of The International Conference on Auditory Display},
  year      = {2000},
  file      = {:Pappers/Sleuth An Audio Experience.pdf:PDF},
}

@Book{jorgensen2007those,
  title     = {What are Those Grunts and Growls Over There?: Computer Game Audio and Player Action},
  publisher = {Citeseer},
  year      = {2007},
  author    = {J{\o}rgensen, Kristine and others},
  file      = {:Pappers/What are Those Grunts and Growls Over There.pdf:PDF},
}

@Book{collins2013playing,
  title     = {Playing with sound: a theory of interacting with sound and music in video games},
  publisher = {Mit Press},
  year      = {2013},
  author    = {Collins, Karen},
  file      = {:Pappers/playingwithsound.pdf:PDF},
}

@Book{Boulanger:2010:APB:1941915,
  title     = {The Audio Programming Book},
  publisher = {The MIT Press},
  year      = {2010},
  author    = {Boulanger, Richard and Lazzarini, Victor},
  isbn      = {0262014467, 9780262014465},
  file      = {:Pappers/theaudioprogrammingbook.pdf:PDF},
}

@Article{peerdeman2006sound,
  author  = {Peerdeman, Peter},
  title   = {Sound and music in games},
  journal = {And Haugeh{\aa}tveit, O},
  year    = {2006},
  file    = {:Pappers/Sound and Music in Games.pdf:PDF},
}

@InProceedings{Eladhari:2006:SYM:1178823.1178887,
  author    = {Eladhari, Mirjam and Nieuwdorp, Rik and Fridenfalk, Mikael},
  title     = {The Soundtrack of Your Mind: Mind Music - Adaptive Audio for Game Characters},
  booktitle = {Proceedings of the 2006 ACM SIGCHI International Conference on Advances in Computer Entertainment Technology},
  year      = {2006},
  series    = {ACE '06},
  address   = {New York, NY, USA},
  publisher = {ACM},
  acmid     = {1178887},
  articleno = {54},
  doi       = {10.1145/1178823.1178887},
  file      = {:Pappers/The_soundtrack_of_your_mind_mind_music-a.pdf:PDF},
  isbn      = {1-59593-380-8},
  keywords  = {adaptive audio, believable agents, game, game design, music, role playing games},
  location  = {Hollywood, California, USA},
  url       = {http://doi.acm.org/10.1145/1178823.1178887},
}

@Article{collins2007introduction,
  author    = {Collins, Karen and others},
  title     = {An introduction to the participatory and non-linear aspects of video games audio},
  journal   = {Essays on sound and vision},
  year      = {2007},
  pages     = {263--298},
  file      = {:Pappers/An Introduction to the Participatory and Non-Linear Aspects of Video Games Audio.pdf:PDF},
  publisher = {Helsinki, Sweden: Helsinki Univ. Press},
}

@Article{van2008ieza,
  author  = {van Tol, Richard and Huiberts, Sander},
  title   = {IEZA: A framework for game audio},
  journal = {Retrieved January},
  year    = {2008},
  volume  = {21},
  pages   = {2013},
  file    = {:Pappers/Huiberts_VanTol_IEZA-Framework-Game-Audio.pdf:PDF},
}

@Book{salen2004rules,
  title     = {Rules of play: Game design fundamentals},
  publisher = {MIT press},
  year      = {2004},
  author    = {Salen, Katie and Tekinba{\c{s}}, Katie Salen and Zimmerman, Eric},
  file      = {:Pappers/1-rules-of-play-game-design-fundamentals.pdf:PDF},
}

@Book{grimshaw2010game,
  title     = {Game Sound Technology and Player Interaction: Concepts and Developments: Concepts and Developments},
  publisher = {IGI global},
  year      = {2010},
  author    = {Grimshaw, Mark},
  file      = {:Pappers/Game Sound Technology.pdf:PDF},
}

@PhdThesis{young2012adaptive,
  author = {Young, David M},
  title  = {Adaptive game music: the evolution and future of dynamic music systems in video games},
  school = {Ohio University},
  year   = {2012},
  file   = {:Pappers/ADAPTIVE GAME MUSIC.pdf:PDF},
}

@InProceedings{Alves:2011:IDS:2095667.2095670,
  author    = {Alves, Valter and Roque, Licinio},
  title     = {An Inspection on a Deck for Sound Design in Games},
  booktitle = {Proceedings of the 6th Audio Mostly Conference: A Conference on Interaction with Sound},
  year      = {2011},
  series    = {AM '11},
  pages     = {15--22},
  address   = {New York, NY, USA},
  publisher = {ACM},
  acmid     = {2095670},
  doi       = {10.1145/2095667.2095670},
  file      = {:Pappers/An Inspection on a Deck for Sound Design in Games.pdf:PDF},
  isbn      = {978-1-4503-1081-9},
  keywords  = {deck, design cards, design patterns, game design, pattern language, sound design},
  location  = {Coimbra, Portugal},
  numpages  = {8},
  url       = {http://doi.acm.org/10.1145/2095667.2095670},
}

@InProceedings{alves2013design,
  author    = {Alves, Valter and Roque, Licinio},
  title     = {Design Patterns in Games: the case for Sound Design},
  booktitle = {Proceedings of the Second Workshop on Design Patterns in Games, DPG},
  year      = {2013},
  volume    = {13},
  file      = {:Pappers/Design Patterns in Games the case for Sound Design.pdf:PDF},
}

@PhdThesis{alves2013sound,
  author = {Alves, Valter Nelson Noronha},
  title  = {Sound design guidance as a contribution towards the empowerment of indie game developers},
  year   = {2013},
  file   = {:Pappers/Tese_Valter Alves.pdf:PDF},
}

@InProceedings{gal2002processes,
  author    = {Gal, Viviane and Le Prado, C{\'e}cile and Merland, JB and Natkin, St{\'e}phane and Vega, Liliana},
  title     = {Processes and tools for sound design in computer games},
  booktitle = {Proceedings International Computer Music Conference},
  year      = {2002},
  file      = {:Pappers/Processes_and_tools_for_sound_design_in.pdf:PDF},
}

@Article{caquard2008designing,
  author    = {Caquard, S{\'e}bastien and Brauen, Glenn and Wright, Benjamin and Jasen, Paul},
  title     = {Designing sound in cybercartography: from structured cinematic narratives to unpredictable sound/image interactions},
  journal   = {International Journal of Geographical Information Science},
  year      = {2008},
  volume    = {22},
  number    = {11-12},
  pages     = {1219--1245},
  file      = {:Pappers/Designingsoundincybercartographyfromstructuredcinematicnarrativestounpredictablesoundimageinteractions.pdf:PDF},
  publisher = {Taylor \& Francis},
}

@InProceedings{Ng:2013:ISD:2513002.2513015,
  author    = {Ng, Patrick and Nesbitt, Keith},
  title     = {Informative Sound Design in Video Games},
  booktitle = {Proceedings of The 9th Australasian Conference on Interactive Entertainment: Matters of Life and Death},
  year      = {2013},
  series    = {IE '13},
  pages     = {9:1--9:9},
  address   = {New York, NY, USA},
  publisher = {ACM},
  acmid     = {2513015},
  articleno = {9},
  doi       = {10.1145/2513002.2513015},
  file      = {:Pappers/Informative Sound Design in Video Games.pdf:PDF},
  isbn      = {978-1-4503-2254-6},
  keywords  = {auditory display, auditory icons, computer games, design patterns, earcons, informative sound, sound design, speech},
  location  = {Melbourne, Australia},
  numpages  = {9},
  url       = {http://doi.acm.org/10.1145/2513002.2513015},
}

@Comment{jabref-meta: databaseType:bibtex;}

@Comment{jabref-meta: grouping:
0 AllEntriesGroup:;
1 StaticGroup:Use\;0\;1\;\;\;\;;
}
