@article{tddQuality,
  title={Does test-driven development really improve software design quality?},
  author={Janzen, David and Saiedian, Hossein},
  journal={Ieee Software},
  volume={25},
  number={2},
  year={2008},
  publisher={IEEE}
}

@article{effectivenessCI,
  title={Effectiveness of Test Driven Development and Continuous Integration--A Case Study},
  author={Amrit, Chintan and Meijberg, Yoni},
  journal={IT professional},
  year={2017},
  publisher={IEEE}
}

@article{stateOfTheArt,
  title={State-of-the-Art Software Testing},
  author={Spinellis, Diomidis},
  journal={IEEE Software},
  volume={34},
  number={5},
  pages={4--6},
  year={2017},
  publisher={IEEE}
}

@article{systematicReview,
  title={Continuous integration, delivery and deployment: a systematic review on approaches, tools, challenges and practices},
  author={Shahin, Mojtaba and Babar, Muhammad Ali and Zhu, Liming},
  journal={IEEE Access},
  volume={5},
  pages={3909--3943},
  year={2017},
  publisher={IEEE}
}

@inproceedings{impactCI,
  title={The impact of continuous integration on other software development practices: a large-scale empirical study},
  author={Zhao, Yangyang and Serebrenik, Alexander and Zhou, Yuming and Filkov, Vladimir and Vasilescu, Bogdan},
  booktitle={Proceedings of the 32nd IEEE/ACM International Conference on Automated Software Engineering},
  pages={60--71},
  year={2017},
  organization={IEEE Press}
}

@inproceedings{largeScaleAgile,
  title={Requirements engineering challenges in large-scale agile system development},
  author={Kasauli, Rashidah and Liebel, Grischa and Knauss, Eric and Gopakumar, Swathi and Kanagwa, Benjamin},
  booktitle={Requirements Engineering Conference (RE), 2017 IEEE 25th International},
  pages={352--361},
  year={2017},
  organization={IEEE}
}

@inproceedings{arduinoCI,
  title={Continuous integration platform for Arduino embedded software},
  author={Penson, Wade and Huang, Eric and Klamut, Dana and Wardle, Eliana and Douglas, Graeme and Fazackerley, Scott and Lawrence, Ramon},
  booktitle={Electrical and Computer Engineering (CCECE), 2017 IEEE 30th Canadian Conference on},
  pages={1--4},
  year={2017},
  organization={IEEE}
}

@inproceedings{mashingupInfo,
  title={Supporting continuous integration by mashing-up software quality information},
  author={Brandtner, Martin and Giger, Emanuel and Gall, Harald},
  booktitle={Software Maintenance, Reengineering and Reverse Engineering (CSMR-WCRE), 2014 Software Evolution Week-IEEE Conference on},
  pages={184--193},
  year={2014},
  organization={IEEE}
}

@inproceedings{openSourceCI,
	title={Usage, costs, and benefits of continuous integration in open-source projects},
	author={Hilton, Michael and Tunnell, Timothy and Huang, Kai and Marinov, Darko and Dig, Danny},
	booktitle={Proceedings of the 31st IEEE/ACM International Conference on Automated Software Engineering},
	pages={426--437},
	year={2016},
	organization={ACM}
}

@inproceedings{rpgDef,
	title={Comparison of A∗ and Iterative Deepening A∗ algorithms for non-player character in Role Playing Game},
	author={Primanita, Anggina and Effendi, Rusdi and Hidayat, Wahyu},
	booktitle={Electrical Engineering and Computer Science (ICECOS), 2017 International Conference on},
	pages={202--205},
	year={2017},
	organization={IEEE}
}

@article{highwaysCI,
	title={The highways and country roads to continuous deployment},
	author={Lepp{\"a}nen, Marko and M{\"a}kinen, Simo and Pagels, Max and Eloranta, Veli-Pekka and Itkonen, Juha and M{\"a}ntyl{\"a}, Mika V and M{\"a}nnist{\"o}, Tomi},
	journal={Ieee software},
	volume={32},
	number={2},
	pages={64--72},
	year={2015},
	publisher={IEEE}
}

@INPROCEEDINGS{sharedUnderstanding,
	author={R. Pham and L. Singer and O. Liskin and F. F. Filho and K. Schneider},
	booktitle={2013 35th International Conference on Software Engineering (ICSE)},
	title={Creating a shared understanding of testing culture on a social coding site},
	year={2013},
	volume={},
	number={},
	pages={112-121},
	keywords={groupware;program testing;social networking (online);software quality;GitHub;collaborative environment;online questionnaire;social coding site;social transparency;software development projects;software quality;sustainable testing culture;Encoding;Guidelines;Interviews;Media;Sociology;Software;Testing},
	doi={10.1109/ICSE.2013.6606557},
	ISSN={0270-5257},
	month={May}
}

@ARTICLE{leanManagement,
	author={A. Maglyas and U. Nikula and K. Smolander},
	journal={IEEE Software},
	title={Lean Solutions to Software Product Management Problems},
	year={2012},
	volume={29},
	number={5},
	pages={40-46},
	keywords={software development management;software houses;lean solutions;software product development;software product management problems;Agile manufacturing;Marketing and sales;Product development;Product life cycle management;Software development;Software management;lean;management;software process improvement;software product management},
	doi={10.1109/MS.2012.108},
	ISSN={0740-7459},
	month={Sept}
}


@electronic{gamasutraCITests,
	author   = "Röken, Fabian  and Frommhold, Dag ",
	title     = "Automated Tests and Continuous Integration in Game Projects",
	url       = "https://www.gamasutra.com/view/feature/130682/automated_tests_and_continuous_.php"
}

@electronic{gamasutraCIprocess,
	author   = "Winder, Lee",
	title     = "Opinion: Is It Green Yet? Improving Our CI Process",
	url       = "https://www.gamasutra.com/view/news/125977/Opinion_Is_It_Green_Yet_Improving_Our_CI_Process.php"
}